@article{papadimitriou1977euclidean,
  title={The {E}uclidean travelling salesman problem is {NP}-complete},
  author={Papadimitriou, Christos H},
  journal={Theoretical Computer Science},
  volume={4},
  number={3},
  pages={237},
  year={1977},
  publisher={Elsevier}
}

@book{genetyczne,
	author = {Michalewicz, Zbigniew},
	title = {Algorytmy genetyczne + struktury danych = programy ewolucyjne},
	publisher = {Wydaw. Naukowo-Techniczne},
	year = {2003},
	address = {Warszawa}
}

@misc{csharp,
	author = {Microsoft},
	title = {{MSDN}: C\#},
	howpublished = "\\\url{https://msdn.microsoft.com/pl-pl/library/kx37x362.aspx}",
	note = "[dostÄ™p 9.02.2017]"
}

@article{larranaga1999genetic,
	title={Genetic algorithms for the travelling salesman problem: A review of representations and operators},
	author={Larra{\~n}aga, Pedro and Kuijpers, Cindy M. H. and Murga, Roberto H. and Inza, Inaki and Dizdarevic, Sejla},
	journal={Artificial Intelligence Review},
	volume={13},
	number={2},
	pages={129--170},
	year={1999},
	publisher={Springer}
}

@inproceedings{davis1985applying,
	title={Applying adaptive algorithms to epistatic domains.},
	author={Davis, Lawrence},
	booktitle={IJCAI},
	volume={85},
	pages={162--164},
	year={1985}
}

@inproceedings{luxen-vetter-2011,
	author = {Luxen, Dennis and Vetter, Christian},
	title = {Real-time routing with OpenStreetMap data},
	booktitle = {Proceedings of the 19th ACM SIGSPATIAL International Conference on Advances in Geographic Information Systems},
	series = {GIS '11},
	year = {2011},
	isbn = {978-1-4503-1031-4},
	location = {Chicago, Illinois},
	pages = {513--516},
	numpages = {4},
	url = {http://doi.acm.org/10.1145/2093973.2094062},
	doi = {10.1145/2093973.2094062},
	acmid = {2094062},
	publisher = {ACM},
	address = {New York, NY, USA},
}